@book{dispense,
  author         = {Barutello, Vivina},
  title          = {Modelli Differenziali},
  year           = {2023}
}
@book{paganisalsa,
  author         = {Pagani, Carlo Domenico and Salsa, Sandro},
  title          = {Analisi matematica 2},
  year           = {2016}
}